<?xml version="1.0" encoding="UTF-8" ?>
<collection xmlns:xsi="http://www.w3.org/2001/XMLSchema-instance" xsi:schemaLocation="http://www.loc.gov/MARC21/slim http://www.loc.gov/standards/marcxml/schema/MARC21slim.xsd" xmlns="http://www.loc.gov/MARC21/slim">
   <record>
      <leader>     cam a22        4500</leader>
      <controlfield tag="001">1676331</controlfield>
      <controlfield tag="003">NIC</controlfield>
      <controlfield tag="005">20140824231128.0</controlfield>
      <controlfield tag="008">900423s1965    ir a          000 0 ara d</controlfield>
      <datafield tag="035" ind1=" " ind2=" ">
         <subfield code="a">(NIC)notisAHW3944</subfield>
      </datafield>
      <datafield tag="035" ind1=" " ind2=" ">
         <subfield code="a">(OCoLC)47115629</subfield>
      </datafield>
      <datafield tag="035" ind1=" " ind2=" ">
         <subfield code="a">1676331</subfield>
      </datafield>
      <datafield tag="040" ind1=" " ind2=" ">
         <subfield code="a">CLU</subfield>
         <subfield code="c">CLU</subfield>
         <subfield code="d">MH</subfield>
         <subfield code="d">CStRLIN</subfield>
         <subfield code="d">NIC</subfield>
      </datafield>
      <datafield tag="050" ind1=" " ind2="4">
         <subfield code="a">DS324.A9</subfield>
         <subfield code="b">S25;1965</subfield>
      </datafield>
      <datafield tag="100" ind1="1" ind2=" ">
         <subfield code="a">Sāʻidī, Ghulām Ḥusayn.</subfield>
      </datafield>
      <datafield tag="245" ind1="0" ind2="0">
         <subfield code="a">Khīyāv, yā Mishgīn shahr,</subfield>
         <subfield code="b">kaʻbah-ʾi yaylāqāt-i Shahsavan /</subfield>
         <subfield code="c">ṭarḥ-hā az Muḥammad Ḥusayn Āryā, va Sīrūs Afkhamī.</subfield>
      </datafield>
      <datafield tag="260" ind1=" " ind2=" ">
         <subfield code="a">[Tehran]</subfield>
         <subfield code="b">Muʻasasah-i Muṭalaʻāt va Taḥqīqāt-i Ijtimāʻī</subfield>
         <subfield code="c">1344 [1965]</subfield>
      </datafield>
      <datafield tag="300" ind1=" " ind2=" ">
         <subfield code="a">14, 273 p.</subfield>
         <subfield code="b">maps, illus  ;</subfield>
         <subfield code="c">22 cm.</subfield>
      </datafield>
      <datafield tag="440" ind1=" " ind2="0">
         <subfield code="a">Daftarhā-yi mūnūgrāfī ;</subfield>
         <subfield code="v">7.</subfield>
      </datafield>
      <datafield tag="490" ind1="1" ind2=" ">
         <subfield code="a">Intishārāt-i muʾasasah-ʾi muṭāliʻāt va taḥqīqāt-i ijtimāʻī ;</subfield>
         <subfield code="v">30</subfield>
      </datafield>
      <datafield tag="650" ind1=" " ind2="0">
         <subfield code="a">Ethnology</subfield>
         <subfield code="z">Azerbaijan.</subfield>
      </datafield>
      <datafield tag="650" ind1=" " ind2="0">
         <subfield code="a">Ethnology</subfield>
         <subfield code="z">Iran.</subfield>
      </datafield>
      <datafield tag="651" ind1=" " ind2="0">
         <subfield code="a">ʻMishgin (Iran)</subfield>
      </datafield>
      <datafield tag="650" ind1=" " ind2="0">
         <subfield code="a">Khīyāv.</subfield>
      </datafield>
      <datafield tag="830" ind1=" " ind2="0">
         <subfield code="a">Intishārāt-i Muʾassasah-ʾi Muṭālaʻāt va Taḥqīqāt-i Ijtimāʻī ;</subfield>
         <subfield code="v">30.</subfield>
      </datafield>
      <datafield tag="905" ind1=" " ind2=" ">
         <subfield code="a">19980123120000.0</subfield>
      </datafield>
      <datafield tag="903" ind1=" " ind2=" ">
         <subfield code="a">NYUACO</subfield>
         <subfield code="d">20141028</subfield>
         <subfield code="p">31924076679871</subfield>
      </datafield>
      <datafield tag="950" ind1=" " ind2=" ">
         <subfield code="a">DS324.A9</subfield>
         <subfield code="b">S25 1965</subfield>
         <subfield code="v"> </subfield>
      </datafield>
   </record>
</collection>
